@article{Nash:AM:1951,
	title = {Non-Cooperative Games},
	author = {John Nash},
	journal = {Annals of Mathematics},
	volume = {54},
	number = {2},
	pages = {286--295},
	year = {1951}
}
