@book{Bertsekas:book:1995,
    title = {Dynamic Programming and Optimal Control, Vols. I and II},
    author = {Dimitri P. Bertsekas},
    year = {1995},
    publisher = {Athena Scientific}
}

@book{Kolobov:book:2012,
    title = {Planning with {M}arkov decision processes: An {AI} perspective},
    author = {Mausam and Andrey Kolobov},
    series = {Synthesis Lectures on Artificial Intelligence and Machine Learning},
    year = {2012},
    publisher = {Morgan \& Claypool Publishers}
}

@article{Nash:AM:1951,
	title = {Non-Cooperative Games},
	author = {John Nash},
	journal = {Annals of Mathematics},
	volume = {54},
	number = {2},
	pages = {286--295},
	year = {1951}
}

@inproceedings{Pardo:ICML:2018,
    title = {Time limits in reinforcement learning},
    author = {Fabio Pardo and Arash Tavakoli and Vitaly Levdik and Petar Kormushev},
    booktitle = {Proceedings of the 35th International Conference on Machine Learning ({ICML}'18)},
    pages = {4045--4054},
    year = {2018}
}

@phdthesis{Patek:PhD:1997,
    title = {Stochastic and shortest path games: theory and algorithms},
    author = {Stephen D. Patek},
    year = {1997},
    school = {Massachusetts Institute of Technology}
}

@article{Patek:JCO:1999,
    title = {Stochastic shortest path games},
    author = {Stephen D. Patek and Dimitri P. Bertsekas},
    journal = {SIAM Journal on Control and Optimization},
    volume = {37},
    number = {3},
    pages = {804--824},
    year = {1999}
}

@article{Shapley:PNAS:1953,
    title = {Stochastic Games},
    author = {Lloyd S. Shapley},
    journal = {Proceedings of the National Academy of Sciences},
    volume = {39},
    number = {10},
    pages = {1095--1100},
    year = {1953}
}

@inproceedings{Keller:ICAPS:2012,
    author = {Thomas Keller and Patrick Eyerich},
    title = {{PROST}: Probabilistic Planning Based on {UCT}},
    booktitle = {Proceedings of the Twenty-Second International Conference on Automated Planning and Scheduling ({ICAPS}'12)},
    year = {2012},
    pages = {119--127}
}

@book{Sutton:book:2018,
    title = {Reinforcement learning: An introduction},
    author = {Richard S. Sutton and Andrew G. Barto},
    year = {2018},
    publisher = {MIT press},
    edition = {2nd}
}

@book{Russell:book:2009,
    title = {Artificial Intelligence: A Modern Approach},
    author = {Stuart Russell and Peter Norvig},
    year = {2009},
    publisher = {Prentice Hall},
    edition = {3rd},
    chapter = {11}
}

@inproceedings{Neu:AISTATS:2012,
    title = {The adversarial stochastic shortest path problem with unknown transition probabilities},
    author = {Gergely Neu and Andras Gyorgy and Csaba Szepesv{\'a}ri},
    booktitle = {Proceedings of the 15th International Conference on Artificial Intelligence and Statistics ({AISTATS}'12)},
    pages = {805--813},
    year = {2012}
}

@incollection{Littman:ICML:1994,
    title = {Markov games as a framework for multi-agent reinforcement learning},
    author = {Michael L. Littman},
    booktitle = {Proceedings of the 11th International Conference on Machine learning ({ICML}'94)},
    pages = {157--163},
    year = {1994}
}

@article{Busoniu:TSMC:2008,
    author = {L. {Busoniu} and R. {Babuska} and B. {De Schutter}},
    journal = {IEEE Transactions on Systems, Man, and Cybernetics, Part C (Applications and Reviews)},
    title = {A Comprehensive Survey of Multiagent Reinforcement Learning},
    year = {2008},
    volume = {38},
    number = {2},
    pages = {156-172}
}

@article{Shoham:AIJ:2007,
    title = {If multi-agent learning is the answer, what is the question?},
    author = {Yoav Shoham and Rob Powers and Trond Grenager},
    journal = {Artificial intelligence},
    volume = {171},
    number = {7},
    pages = {365--377},
    year = {2007}
}
